@online{bib:CHEM26300Notes,
    title        = {{CHEM 26300 (Chemical Kinetics and Dynamics)} Notes},
    author       = {Steven Labalme},
    year         = {2022},
    url          = {https://github.com/shadypuck/CHEM26300Notes/blob/master/Notes/notes.pdf},
    urldate      = {2023-01-07}
}